%  priklad uvadzania literatury pre FEIstyle.bst
%  naformatovane vstupy: book

@BOOK{malicious,
  TITLE = {PRACTICAL MALWARE ANALYSIS},
  SUBTITLE = {The Hands-On Guide to Dissecting Malicious Software},
  AUTHOR = {Sikorski M, Honig A},
  YEAR = {2012},
  PUBLISHER = {no starch press},
}

@online{malvare,
    author = "Eset",
    title = "Malver",
    url  = "https://www.eset.com/sk/malver/",
    addendum = "(accessed: 01.09.2016)",
    keywords = "malver"
}

@online{sinobiki,
    author = "McAfee Labs",
    title = "McAfee ATR Analyzes Sodinokibi aka REvil Ransomware-as-a-Service \& What The Code Tells Us",
    url  = "https://www.mcafee.com/blogs/other-blogs/mcafee-labs/mcafee-atr-analyzes-sodinokibi-aka-revil-ransomware-as-a-service-what-the-code-tells-us/",
    addendum = "(accessed: 01.09.2016)",
    keywords = "sinobiki"
}

@misc{osiris,
    author = "Nick Lewis",
    title = "What new technique does the Osiris banking Trojan use?",
    url  = "https://searchsecurity.techtarget.com/answer/What-new-technique-does-the-Osiris-banking-Trojan-use"
}

@misc{osiris2,
    author = "Yaroslav Harakhavik, Nikita Fokin",
    title = "Osiris: An Enhanced Banking Trojan",
    url  = "https://research.checkpoint.com/2018/osiris-enhanced-banking-trojan/"
}

@misc{zeus2,
    author = "kaspersky",
    title = "Zeus Virus",
    url  = "https://usa.kaspersky.com/resource-center/threats/zeus-virus"
}

@misc{emotet,
    author = "MalwareBytes",
    title = "Emotet",
    url  = "https://www.malwarebytes.com/emotet/"
}

@misc{mirai,
    author = "Cloudflare",
    title = "What is the Mirai Botnet?",
    url  = "https://www.cloudflare.com/learning/ddos/glossary/mirai-botnet/"
}

@misc{endgame,
    author = "Endgame",
	title = "Ten Process Injection Techniques: A Technical Survey Of Common And Trending Process Injection Techniques",
    url = "https://www.endgame.com/blog/technical-blog/ten-process-injection-techniques-technical-survey-common-and-trending-process"
}

@article{emotet2,
    author = "Catalin Cimpanu",
    title = "Emotet, today's most dangerous botnet, comes back to life",
    journal = "Zero Day ",
    volume = "",
    number = "",
    pages = "",
    year = "2019",
    DOI = "https://www.zdnet.com/article/emotet-todays-most-dangerous-botnet-comes-back-to-life/",
    keywords = "emotet"
}

@misc{{phdetection,
    author = "idan1288",
    title = "PHDetection",
    url  = "https://github.com/idan1288/PHDetection"
}

@misc{{hollowfind,
    author = "monnappa22",
    title = "HollowFind",
    url  = "https://github.com/monnappa22/HollowFind"
}

@misc{{detours,
    author = "Microsoft",
    title = "Detours",
    url  = "https://github.com/microsoft/Detours"
}

@online{winapi,
    author = "Microsoft",
    title = "Processthreadsapi.h header - Win32 apps",
    url  = "https://docs.microsoft.com/en-us/windows/win32/api/processthreadsapi/",
    addendum = "(accessed: 01.09.2016)",
    keywords = "api"
}

@article{dridex,
    author = "Charlie Osborne",
    title = "New Dridex malware strain avoids antivirus software detection",
    journal = "Zero Day ",
    volume = "",
    number = "",
    pages = "",
    year = "2019",
    DOI = "https://www.zdnet.com/article/new-dridex-malware-strain-avoids-antivirus-software-detection/",
    keywords = "dridex"
}

@article{Loki,
    author = "Eranhimonyshakedreiner",
    title = "Loki Number Seven - Loki Malware Keeps Stealing Your Credentials",
    journal = "CYBERARK ",
    volume = "",
    number = "",
    pages = "",
    year = "2018",
    DOI = "https://www.cyberark.com/resources/threat-research-blog/loki-number-seven-loki-malware-keeps-stealing-your-credentials/",
    keywords = "Loki"
}

@article{hollowing,
    author = "ELI SALEM",
    title = "ASTAROTH MALWARE USES LEGITIMATE OS AND ANTIVIRUS PROCESSES TO STEAL PASSWORDS AND PERSONAL DATA",
    journal = "cybereason",
    volume = "",
    number = "",
    pages = "",
    year = "2019",
    DOI = "https://www.cybereason.com/blog/information-stealing-malware-targeting-brazil-full-research/",
    keywords = "hollowing"
}